<?xml version="1.0" encoding="UTF-8"?><collection xmlns="http://www.loc.gov/MARC21/slim"><record><leader>00392nam--2200133-i-4500</leader><controlfield tag="001">000010981</controlfield><controlfield tag="002">20161230</controlfield><controlfield tag="005">20161230201029</controlfield><controlfield tag="008">060222s1000------------r-----000-0-eng-d</controlfield><datafield ind1=" " ind2=" " tag="080"><subfield code="a">535.338.42(043)</subfield></datafield><datafield ind1=" " ind2=" " tag="100"><subfield code="a">Bouanich, Jean-pierre</subfield></datafield><datafield ind1=" " ind2=" " tag="245"><subfield code="a">Asction de perturbateurs sur le spectre rovibr ationnel de l`oxyde de carbone</subfield></datafield><datafield ind1=" " ind2=" " tag="260"><subfield code="a">Paris, L`Universite Paris Vi, 1973 156 P</subfield></datafield><datafield ind1=" " ind2=" " tag="852"><subfield code="a">40516</subfield></datafield></record></collection>